@article{clark2024text,
  title={Text-to-Image Diffusion Models are Zero Shot Classifiers},
  author={Clark, Kevin and Jaini, Priyank},
  journal={Advances in Neural Information Processing Systems},
  volume={36},
  year={2024}
}
@article{chen2023llava,
  title={Llava-interactive: An all-in-one demo for image chat, segmentation, generation and editing},
  author={Chen, Wei-Ge and Spiridonova, Irina and Yang, Jianwei and Gao, Jianfeng and Li, Chunyuan},
  journal={arXiv preprint arXiv:2311.00571},
  year={2023}
}
@inproceedings{wang2018zero,
  title={Zero-shot learning via class-conditioned deep generative models},
  author={Wang, Wenlin and Pu, Yunchen and Verma, Vinay and Fan, Kai and Zhang, Yizhe and Chen, Changyou and Rai, Piyush and Carin, Lawrence},
  booktitle={Proceedings of the AAAI conference on artificial intelligence},
  volume={32},
  number={1},
  year={2018}
}
@inproceedings{mishra2018generative,
  title={A generative model for zero shot learning using conditional variational autoencoders},
  author={Mishra, Ashish and Krishna Reddy, Shiva and Mittal, Anurag and Murthy, Hema A},
  booktitle={Proceedings of the IEEE conference on computer vision and pattern recognition workshops},
  pages={2188--2196},
  year={2018}
}

@inproceedings{yu2010attribute,
  title={Attribute-based transfer learning for object categorization with zero/one training example},
  author={Yu, Xiaodong and Aloimonos, Yiannis},
  booktitle={Computer Vision--ECCV 2010: 11th European Conference on Computer Vision, Heraklion, Crete, Greece, September 5-11, 2010, Proceedings, Part V 11},
  pages={127--140},
  year={2010},
  organization={Springer}
}
@article{ho2020denoising,
  title={Denoising diffusion probabilistic models},
  author={Ho, Jonathan and Jain, Ajay and Abbeel, Pieter},
  journal={Advances in Neural Information Processing Systems},
  volume={33},
  pages={6840--6851},
  year={2020}
}
@inproceedings{saharia2022palette,
  title={Palette: Image-to-image diffusion models},
  author={Saharia, Chitwan and Chan, William and Chang, Huiwen and Lee, Chris and Ho, Jonathan and Salimans, Tim and Fleet, David and Norouzi, Mohammad},
  booktitle={ACM SIGGRAPH 2022 Conference Proceedings},
  pages={1--10},
  year={2022}
}
@article{ramesh2022hierarchical,
  title={Hierarchical text-conditional image generation with clip latents},
  author={Ramesh, Aditya and Dhariwal, Prafulla and Nichol, Alex and Chu, Casey and Chen, Mark},
  journal={arXiv preprint arXiv:2204.06125},
  year={2022}
}
@inproceedings{rombach2022high,
  title={High-resolution image synthesis with latent diffusion models},
  author={Rombach, Robin and Blattmann, Andreas and Lorenz, Dominik and Esser, Patrick and Ommer, Bj{\"o}rn},
  booktitle={Proceedings of the IEEE/CVF Conference on Computer Vision and Pattern Recognition},
  pages={10684--10695},
  year={2022}
}
@inproceedings{yang2023mm,
    title={MM-Fi: Multi-Modal Non-Intrusive 4D Human Dataset for Versatile Wireless Sensing},
    author={Yang, Jianfei and Huang, He and Zhou, Yunjiao and Chen, Xinyan and Xu, Yuecong and Yuan, Shenghai and Zou, Han and Lu, Chris Xiaoxuan and Xie, Lihua},
    booktitle={Thirty-seventh Conference on Neural Information Processing Systems Datasets and Benchmarks Track},
    year={2023},
    url={https://openreview.net/forum?id=1uAsASS1th}
}